<record><leader>00000cas a22000007a 4500</leader><controlfield tag="001">21166383</controlfield><controlfield tag="008">900302d19161948mduwn ne      0    0eng d</controlfield><datafield ind1=" " ind2=" " tag="010"><subfield code="a">sn 90057061 </subfield></datafield><datafield ind1=" " ind2=" " tag="040"><subfield code="a">MFN</subfield><subfield code="b">eng</subfield><subfield code="c">MFN</subfield><subfield code="d">OCLCQ</subfield></datafield><datafield ind1=" " ind2=" " tag="042"><subfield code="a">msc</subfield></datafield><datafield ind1="0" ind2="0" tag="245"><subfield code="a">Goucher College weekly.</subfield></datafield><datafield ind1=" " ind2=" " tag="260"><subfield code="a">Baltimore [i.e. Towson, Md.] :</subfield><subfield code="b">Published under the direction of Robert M. Gay</subfield></datafield><datafield ind1=" " ind2=" " tag="300"><subfield code="a">v.</subfield></datafield><datafield ind1=" " ind2=" " tag="310"><subfield code="a">Weekly (during the college year)</subfield></datafield><datafield ind1="0" ind2=" " tag="362"><subfield code="a">Vol. 1, no. 1 (Jan. 13, 1916)-v. 25, no. 16 (Mar. 5, 1948).</subfield></datafield><datafield ind1=" " ind2=" " tag="752"><subfield code="a">United States</subfield><subfield code="b">Maryland</subfield><subfield code="d">Baltimore.</subfield></datafield><datafield ind1=" " ind2=" " tag="752"><subfield code="a">United States</subfield><subfield code="b">Maryland</subfield><subfield code="c">Baltimore</subfield><subfield code="d">Towson.</subfield></datafield><datafield ind1="0" ind2="0" tag="785"><subfield code="t">Goucher weekly (Towson, Md. : 1948)</subfield><subfield code="w">(DLC)sn 90057062</subfield></datafield></record>